@misc{ wiki:xxx,
    author = "{Wikipedia contributors}",
    title = "LaTeX --- {Wikipedia}{,} The Free Encyclopedia",
    year = "2011",
    howpublished = "\url{https://en.wikipedia.org/w/index.php?title=LaTeX&oldid=413720397}",
    note = "[Online; accessed 4-September-2019]"
  }