

@article{memap,
	title = {Memory-mapped I/O},
	volume = {1},
	doi = {https://en.wikipedia.org/wiki/Memory-mapped_I/O},
	number = {1},
	journal = {Wikipedia}
% 	author = {Robinson, Peter M. W.},
% 	year = {2016},
% 	pages = {875--889},
% 	file = {Robinson, Peter_Project-based digital humanities and social, digital and scholarly editions.pdf:/Users/WoutDLN/Box Sync/Zotero Archive//R/Robinson, Peter/Robinson, Peter_Project-based digital humanities and social, digital and scholarly editions.pdf:application/pdf}
}

@article{price_edition_2009,
	title = {Edition, {Project}, {Database}, {Archive}, {Thematic} {Research} {Collection}: {What}'s in a {Name}?},
	volume = {3},
	shorttitle = {Edition, {Project}, {Database}, {Archive}, {Thematic} {Research} {Collection}},
	url = {http://www.digitalhumanities.org/dhq/vol/3/3/000053/000053.html},
	number = {3},
	urldate = {2014-12-31},
	author = {Price, Kenneth M.},
	year = {2009},
	file = {DHQ Snapshot:/Users/WoutDLN/Zotero/storage/P4TTSHXK/000053.html:text/html;Price_2009_Edition, Project, Database, Archive, Thematic Research Collection.pdf:/Users/WoutDLN/Box Sync/Zotero Archive//P/Price/Price_2009_Edition, Project, Database, Archive, Thematic Research Collection.pdf:application/pdf}
}

@article{van_hulle_orientations_2015,
	title = {Orientations to {Text}, {Revisited}},
	volume = {59},
	url = {http://muse.jhu.edu/journals/studies_in_bibliography/v059/59.van-hulle.html},
	number = {1},
	urldate = {2015-12-28},
	journal = {Studies in Bibliography},
	author = {Van Hulle, Dirk and Shillingsburg, Peter},
	year = {2015},
	pages = {27--44},
	file = {Snapshot:/Users/WoutDLN/Zotero/storage/3QAQKKQG/login.html:text/html;Van Hulle_Shillingsburg_2015_Orientations to Text, Revisited.pdf:/Users/WoutDLN/Box Sync/Zotero Archive//V/Van Hulle_Shillingsburg/Van Hulle_Shillingsburg_2015_Orientations to Text, Revisited.pdf:application/pdf}
}

@incollection{sahle_what_2016,
	address = {Cambridge},
	title = {What is a {Scholarly} {Digital} {Edition}?},
	url = {https://arca.unive.it/retrieve/handle/10278/3677330/77229/Digital-Scholarly-Editing_2016.pdf#page=38},
	urldate = {2017-05-09},
	booktitle = {Digital {Scholarly} {Editing}: {Theories} and {Practices}},
	publisher = {Open Book Publishers},
	author = {Sahle, Patrick},
	editor = {Pierazzo, Elena and Driscoll, Matthew J.},
	year = {2016},
	pages = {19--40},
	file = {Sahle - 2016 - What is a Scholarly Digital Edition.pdf:/Users/WoutDLN/Box Sync/Zotero Archive//S/Sahle/Sahle - 2016 - What is a Scholarly Digital Edition.pdf:application/pdf}
}

@article{dillen_digital_2016,
	title = {Digital scholarly editing within the boundaries of copyright restrictions},
	volume = {31},
	number = {4},
	journal = {Digital Scholarship in the Humanities},
	author = {Dillen, Wout and Neyt, Vincent},
	year = {2016},
	pages = {785--796},
	file = {Dillen_Neyt_2016_Digital scholarly editing within the boundaries of copyright restrictions.pdf:/Users/WoutDLN/Box Sync/Zotero Archive/D/Dillen_Neyt/Dillen_Neyt_2016_Digital scholarly editing within the boundaries of copyright restrictions.pdf:application/pdf;Snapshot:/Users/WoutDLN/Zotero/storage/B8ACGZQA/2669680.html:text/html}
}



@misc{w3c_accessibility_2016,
	title = {Accessibility, {Usability}, and {Inclusion}: {Related} {Aspects} of a {Web} for {All}},
	url = {https://www.w3.org/WAI/intro/usable},
	urldate = {2019-06-30},
	journal = {W3C: World Wide Web Consortium},
	author = {W3C},
	year = {2016}
}

@misc{w3c_web_2018,
	title = {Web {Content} {Accessibility} {Guidelines} ({WCAG}) 2.1},
	url = {https://www.w3.org/TR/WCAG21/},
	urldate = {2019-06-30},
	journal = {W3C: World Wide Web Consortium},
	author = {W3C},
	month = jun,
	year = {2018}
}

@misc{w3c_introduction_2018,
	title = {Introduction to {Understanding} {WCAG} 2.1},
	url = {https://www.w3.org/WAI/WCAG21/Understanding/intro},
	urldate = {2019-06-30},
	journal = {W3C: World Wide Web Consortium},
	author = {W3C},
	month = jun,
	year = {2018}
}

@misc{w3c_accessibility_2018,
	title = {Accessibility},
	url = {https://www.w3.org/standards/webdesign/accessibility},
	urldate = {2019-06-30},
	journal = {W3C: World Wide Web Consortium},
	author = {W3C},
	year = {2018}
}

@book{apollon_digital_2014,
	address = {Urbana, Chicago, and Springfield},
	title = {Digital {Critical} {Editions}},
	publisher = {University of Illinois Press},
	editor = {Apollon, Daniel and Bélisle, Claire and Régnier, Philippe},
	year = {2014}
}

@article{belmonte_archivists_2017,
	title = {Archivists on {Archives} and {Social} {Justice}},
	volume = {4},
	doi = {http://dx.doi.org/10.1037/qup0000055},
	number = {1},
	urldate = {2019-06-30},
	journal = {Qualitative Psychology},
	author = {Belmonte, K and Opotow, S},
	year = {2017},
	pages = {58--72}
}

@phdthesis{bleeker_mapping_2017,
	title = {Mapping {Invention} in {Writing}: {Digital} {Infrastructure} and the {Role} of the {Genetic} {Editor}.},
	school = {University of Antwerp},
	author = {Bleeker, Elli},
	year = {2017}
}

@book{bleier_digital_2018,
	title = {Digital {Scholary} {Editions} as {Interfaces}},
	volume = {12},
	publisher = {BoD–Books on Demand},
	author = {Bleier, Roman and Bürgermeister, Martina and Klug, Helmut W. and Neuber, Frederike and Schneider, Gerlinde},
	year = {2018},
	file = {Bleier et al_2018_Digital Scholary Editions as Interfaces.pdf:/Users/WoutDLN/Box Sync/Zotero Archive/B/Bleier et al/Bleier et al_2018_Digital Scholary Editions as Interfaces.pdf:application/pdf;Snapshot:/Users/WoutDLN/Zotero/storage/7E3NPWBI/books.html:text/html}
}

@incollection{bodard_open_2009,
	address = {Farnam},
	title = {Open {Source} {Critical} {Editions}: a {Rationale}},
	shorttitle = {Open source critical editions},
	booktitle = {Text {Editing}, {Print} and the {Digital} {World}},
	publisher = {Ashgate},
	author = {Bodard, Gabriel and Garcés, Juan},
	year = {2009},
	pages = {83--98},
	file = {Snapshot:/Users/WoutDLN/Zotero/storage/EGSJUAV5/9781315612195-16.html:text/html}
}

@incollection{boot_introduction_2017,
	address = {Leiden},
	title = {Introduction},
	booktitle = {Advances in {Digital} {Scholarly} {Editing}: {Papers} {Presented} at the {DiXiT} {Conferences} in {The} {Hague}, {Cologne}, and {Antwerp}},
	publisher = {Sidestone Press},
	author = {Boot, Peter and Fischer, Franz and Van Hulle, Dirk},
	editor = {Boot, Peter and Cappellotto, Anna and Dillen, Wout and Fischer, Franz and Kelly, Aodhán},
	year = {2017},
	pages = {15--22},
	file = {Snapshot:/Users/WoutDLN/Zotero/storage/764VBZFU/citation.html:text/html}
}

@misc{bordalejo_diversity_2016,
	address = {Centre Virtuel de la Connaissance sur l'Europe (CVCE) and the University of Luxembourg, Luxembourg},
	type = {Paper},
	title = {Diversity in {Digital} {Humanities}},
	url = {http://www.dhbenelux.org/wp-content/uploads/2016/05/74_DHBenelux_2016_paper_74.pdf},
	urldate = {2019-06-30},
	author = {Bordalejo, Barbara},
	month = jun,
	year = {2016}
}

@article{brown_ableism_2018,
	title = {Ableism in {Academia}: {Where} are the {Disabled} and {Ill} {Academics}?},
	volume = {33},
	shorttitle = {Ableism in academia},
	doi = {https://doi.org/10.1080/09687599.2018.1455627},
	number = {6},
	urldate = {2019-06-30},
	journal = {Disability \& Society},
	author = {Brown, Nicole and Leigh, Jennifer},
	year = {2018},
	pages = {985--989},
	file = {Full Text:/Users/WoutDLN/Zotero/storage/25GKIBIL/09687599.2018.html:text/html;Snapshot:/Users/WoutDLN/Zotero/storage/G9U5U9JC/09687599.2018.html:text/html}
}

@misc{chan_read_2002,
	title = {Read the {Budapest} {Open} {Access} {Initiative}},
	url = {http://www.budapestopenaccessinitiative.org/read},
	urldate = {2019-06-30},
	journal = {Budapest Open Access Initiative},
	author = {Chan, Leslie and Cuplinskas, Darius and Eisen, Michael and Friend, Fred and Genova, Yana and Guédon, Jean-Claude and Hagemann, Melissa and Harnad, Steven and Johnson, Rick and Kupryte, Rima and La Manna, Manfredi and Rév, István and Segbert, Monika and de Souza, Sidnei and Suber, Peter and Velterop, Jan},
	year = {2002}
}


@misc{eadh_diversity_2017,
	title = {Diversity and {Inclusivity}},
	url = {https://eadh.org/about/diversity-and-inclusivity},
	urldate = {2019-06-30},
	journal = {EADH: The European Association for Digital Humanities},
	author = {EADH},
	year = {2017}
}

@incollection{earhart_can_2012,
	address = {Minneapolis},
	title = {Can information be unfettered? {Race} and the new digital humanities canon},
	shorttitle = {Can information be unfettered?},
	booktitle = {Debates in the {Digital} {Humanities}},
	publisher = {University Of Minnesota Press},
	author = {Earhart, Amy},
	editor = {Gold, Matthew K.},
	year = {2012},
	pages = {309--318},
	file = {Earhart_2012_Can information be unfettered.pdf:/Users/WoutDLN/Box Sync/Zotero Archive/E/Earhart/Earhart_2012_Can information be unfettered.pdf:application/pdf;Snapshot:/Users/WoutDLN/Zotero/storage/BTDJ8UUQ/books.html:text/html}
}

@incollection{eichmann-kalwara_representation_2018,
	address = {Minneapolis},
	title = {Representation at {Digital} {Humanities} {Conferences} (2000–2015)},
	url = {https://doi. org/10.6084/m9. figshare},
	urldate = {2019-06-30},
	booktitle = {Bodies of {Information}: {Intersectional} {Feminism} and {Digital} {Humanities}},
	publisher = {University Of Minnesota Press},
	author = {Eichmann-Kalwara, Nickoal and Jorgensen, Jeana and Weingart, Scott B.},
	editor = {Wernimont, Jacqueline and Losh, Elizabeth},
	year = {2018}
}

@book{eve_open_2014,
	address = {Cambridge},
	title = {Open access and the humanities: contexts, controversies and the future, 2014},
	shorttitle = {Open access and the humanities},
	publisher = {Cambridge University Press},
	author = {Eve, Martin Paul},
	year = {2014}
}

@article{fiormonte_towards_2012,
	title = {Towards a cultural critique of the digital humanities},
	volume = {37},
	url = {http://www.cceh.uni-koeln.de/files/Fiormonte_0.pdf},
	number = {3},
	urldate = {2019-06-30},
	journal = {Historical Social Research/Historische Sozialforschung},
	author = {Fiormonte, Domenico},
	year = {2012},
	pages = {59--76},
	file = {Fiormonte_2012_Towards a cultural critique of the digital humanities.pdf:/Users/WoutDLN/Box Sync/Zotero Archive/F/Fiormonte/Fiormonte_2012_Towards a cultural critique of the digital humanities.pdf:application/pdf;Snapshot:/Users/WoutDLN/Zotero/storage/HELRZPCW/41636597.html:text/html}
}

@misc{franzini_catalogue_2016,
	title = {Catalogue of {Digital} {Editions}},
	url = {https://github.com/gfranzini/digEds_cat/wiki},
	urldate = {2019-06-30},
	journal = {Github},
	author = {Franzini, Greta},
	year = {2016}
}

@incollection{franzini_catalogue_2016-1,
	address = {Cambridge},
	title = {A catalogue of digital editions},
	url = {https://www.openbookpublishers.com/reader/483/#page/180/mode/2up},
	urldate = {2019-06-30},
	booktitle = {Digital scholarly editing: {Theories} and practices},
	publisher = {Open Book Publishers},
	author = {Franzini, Greta and Terras, Melissa and Mahony, Simon},
	editor = {Driscoll, Matthew James and Pierazzo, Elena},
	year = {2016},
	pages = {161--182},
	file = {Franzini et al_2016_A catalogue of digital editions.pdf:/Users/WoutDLN/Box Sync/Zotero Archive/F/Franzini et al/Franzini et al_2016_A catalogue of digital editions2.pdf:application/pdf}
}

@book{gabler_text_2018,
	address = {Cambridge},
	title = {Text {Genetics} in {Literary} {Modernism} and {Other} {Essays}},
	url = {https://www.openbookpublishers.com/product/629},
	urldate = {2019-06-30},
	publisher = {Open Book Publishers},
	author = {Gabler, Hans Walter},
	year = {2018},
	file = {Gabler_2018_Text Genetics in Literary Modernism and Other Essays.pdf:/Users/WoutDLN/Box Sync/Zotero Archive/G/Gabler/Gabler_2018_Text Genetics in Literary Modernism and Other Essays.pdf:application/pdf}
}

@article{galina_russell_geographical_2014,
	title = {Geographical and linguistic diversity in the {Digital} {Humanities}},
	volume = {29},
	doi = {https://doi.org/10.1093/llc/fqu005},
	number = {3},
	urldate = {2019-06-30},
	journal = {Literary and Linguistic Computing},
	author = {Galina Russell, Isabel},
	year = {2014},
	pages = {307--316},
	file = {Galina Russell_2014_Geographical and linguistic diversity in the Digital Humanities.pdf:/Users/WoutDLN/Box Sync/Zotero Archive/G/Galina Russell/Galina Russell_2014_Geographical and linguistic diversity in the Digital Humanities.pdf:application/pdf;Snapshot:/Users/WoutDLN/Zotero/storage/BY4NMVRA/986270.html:text/html}
}

@misc{gustina_why_2017,
	title = {Why social justice in the library: {Outreach} and {Inreach}},
	url = {https://www.libraryjournal.com/?detailStory=why-social-justice-in-the-library-outreach-inreach},
	urldate = {2019-06-30},
	journal = {Library Journal},
	author = {Gustina, Margo and Guinnee, Eli},
	month = jun,
	year = {2017}
}

@article{jimerson_archives_2007,
	title = {Archives for all: professional responsibility and social justice},
	volume = {69},
	shorttitle = {Archives for all},
	url = {http://americanarchivist.org/doi/pdf/10.17723/aarc.70.2.5n20760751v643m7},
	urldate = {2019-06-30},
	journal = {The American Archivist},
	author = {Jimerson, Randall},
	year = {2007},
	pages = {252--281},
	file = {Jimerson_2007_Archives for all.pdf:/Users/WoutDLN/Box Sync/Zotero Archive/J/Jimerson/Jimerson_2007_Archives for all.pdf:application/pdf;Snapshot:/Users/WoutDLN/Zotero/storage/QV76MI6T/aarc.70.2.html:text/html}
}

@article{lavagnino_access_2009,
	title = {Access},
	volume = {24},
	doi = {https://doi.org/10.1093/llc/fqn038},
	number = {1},
	urldate = {2019-06-30},
	journal = {Literary and Linguistic Computing},
	author = {Lavagnino, John},
	year = {2009},
	pages = {63--76},
	file = {Snapshot:/Users/WoutDLN/Zotero/storage/545WL9ZT/947908.html:text/html}
}

@misc{noauthor_list_2018,
	title = {List of {Countries} by {Regional} {Classification}},
	url = {https://meta.wikimedia.org/wiki/List_of_countries_by_regional_classification},
	urldate = {2019-06-30},
	journal = {Wikimedia Foundation},
	year = {2018}
}

@incollection{liu_where_2012,
	address = {Minneapolis},
	title = {Where is cultural criticism in the digital humanities?},
	booktitle = {Debates in the digital humanities},
	publisher = {University Of Minnesota Press},
	author = {Liu, Alan},
	editor = {Gold, Matthew K},
	year = {2012},
	pages = {490--509},
	file = {Liu_2012_Where is cultural criticism in the digital humanities.pdf:/Users/WoutDLN/Box Sync/Zotero Archive/L/Liu/Liu_2012_Where is cultural criticism in the digital humanities.pdf:application/pdf}
}

@misc{liu_digital_2018,
	type = {Paper},
	title = {Digital {Humanities} {Diversity} as {Technical} {Problem}},
	url = {http://liu.english.ucsb.edu/digital-humanities-diversity-as-technical-problem/},
	urldate = {2019-06-30},
	author = {Liu, Alan},
	month = jan,
	year = {2018}
}

@book{losh_bodies_2018,
	address = {Minneapolis},
	title = {Bodies of {Information}: {Intersectional} {Feminism} and the {Digital} {Humanities}},
	shorttitle = {Bodies of {Information}},
	publisher = {University of Minnesota Press},
	author = {Losh, Elizabeth and Wernimont, Jacqueline},
	year = {2018},
	file = {Snapshot:/Users/WoutDLN/Zotero/storage/PDKLLGV6/books.html:text/html}
}

@article{mahony_cultural_2018,
	title = {Cultural {Diversity} and the {Digital} {Humanities}},
	volume = {11},
	doi = {https://doi.org/10.1007/s40647-018-0216-0},
	number = {3},
	urldate = {2019-06-30},
	journal = {Fudan Journal of the Humanities and Social Sciences},
	author = {Mahony, Simon},
	year = {2018},
	pages = {371--388},
	file = {Full Text:/Users/WoutDLN/Zotero/storage/8MIQADJJ/s40647-018-0216-0.html:text/html}
}

@book{maron_sustaining_2013,
	title = {Sustaining our digital future: {Institutional} strategies for digital content},
	shorttitle = {Sustaining our digital future},
	url = {https://sr.ithaka.org/wp-content/uploads/2015/08/Sustaining_Our_Digital_Future.pdf},
	urldate = {2019-06-30},
	publisher = {Ithaka S+ R},
	author = {Maron, Nancy and Yun, Jason and Pickle, Sarah},
	year = {2013}
}

@incollection{martens_what_1995,
	address = {Ann Arbor},
	title = {What is a text? {Attempts} at defining a central concept in editorial theory},
	booktitle = {Contemporary {German} {Editorial} {Theory}},
	publisher = {University of Michigan Press},
	author = {Martens, Gunter},
	editor = {Gabler, Hans Walter and Bornstein, George and Pierce, Gillian Borland},
	year = {1995},
	pages = {209--231}
}

@book{jerome_radiant_2001,
	title = {Radiant {Textuality}: {Literature} after the {World} {Wide} {Web}},
	shorttitle = {Radiant {Textuality}},
	publisher = {New York: Palgrave},
	author = {Jerome, J.},
	year = {2001}
}

@incollection{mcpherson_why_2012,
	address = {Minneapolis},
	title = {Why are the digital humanities so white? {Or} thinking the histories of race and computation},
	shorttitle = {Why are the digital humanities so white?},
	booktitle = {Debates in the digital humanities},
	publisher = {University Of Minnesota Press},
	author = {McPherson, Tara},
	editor = {Gold, Matthew K},
	year = {2012},
	pages = {139--160},
	file = {Snapshot:/Users/WoutDLN/Zotero/storage/PVXWWYUY/books.html:text/html}
}

@misc{mla_modern_2016,
	title = {Modern {Language} {Association} {Statement} on the {Scholarly} {Edition} in the {Digital} {Age}},
	url = {https://www.mla.org/content/download/52050/1810116/rptCSE16.pdf},
	urldate = {2019-06-30},
	journal = {Modern Language Association},
	author = {MLA, Committee on Scholarly Editions},
	year = {2016}
}

@incollection{smith_electronic_2004,
	address = {Oxford},
	title = {Electronic {Scholarly} {Editing}},
	url = {http://www.digitalhumanities.org/companion/view?docId=blackwell/9781405103213/9781405103213.xml},
	urldate = {2019-06-30},
	booktitle = {A {Companion} to {Digital} {Humanities}},
	publisher = {Blackwell},
	author = {Smith, Martha Nell},
	editor = {Schreibman, Susan and Siemens, Ray and Unsworth, John},
	year = {2004}
}

@article{smith_human_2007,
	title = {The human touch software of the highest order: {Revisiting} editing as interpretation},
	volume = {2},
	shorttitle = {The human touch software of the highest order},
	number = {1},
	journal = {Textual Cultures},
	author = {Smith, Martha Nell},
	year = {2007},
	pages = {1--15},
	file = {Snapshot:/Users/WoutDLN/Zotero/storage/3QG7YJSK/30227853.html:text/html}
}

@book{pierazzo_digital_2015,
	address = {Farnham, Surrey},
	title = {Digital scholarly editing: {Theories}, models and methods},
	shorttitle = {Digital scholarly editing},
	publisher = {Ashgate},
	author = {Pierazzo, Elena},
	year = {2015},
	file = {Pierazzo_2016_Digital scholarly editing.pdf:/Users/WoutDLN/Box Sync/Zotero Archive/P/Pierazzo/Pierazzo_2016_Digital scholarly editing.pdf:application/pdf;Snapshot:/Users/WoutDLN/Zotero/storage/D7DMUEI2/9781315577227.html:text/html}
}

@misc{pierazzo_digital_2016,
	address = {Antwerp},
	type = {Paper},
	title = {Of {Digital} {Scholarly} {Editions} and {Building} {Tools}},
	author = {Pierazzo, Elena},
	month = oct,
	year = {2016}
}

@incollection{posner_whats_2016,
	address = {Minneapolis},
	title = {What’s next: {The} radical, unrealized potential of digital humanities},
	url = {http://dhdebates.gc.cuny.edu/debates/text/54},
	urldate = {2019-06-30},
	booktitle = {Debates in the {Digital} {Humanities}},
	publisher = {University Of Minnesota Press},
	author = {Posner, Miriam},
	editor = {Gold, Matthew K},
	year = {2016}
}

@misc{noauthor_preservation_2017,
	title = {Preservation {Policy} {Data} {Archiving} and {Networked} {Services} ({DANS}). 2017 {Version} 1.2},
	url = {https://dans.knaw.nl/en/about/organisation-and-policy/policy-and-strategy},
	urldate = {2019-06-30},
	journal = {DANS},
	year = {2017}
}


@article{risam_diversity_2018,
	title = {Diversity {Work} and {Digital} {Care} {Work} in {Higher} {Education}},
	volume = {23},
	doi = {http://dx.doi.org/10.5210/fm.v23i3.8241},
	number = {3},
	urldate = {2016-06-30},
	journal = {First Monday},
	author = {Risam, Roopsika},
	year = {2018}
}

@misc{risam_room_2013,
	title = {Room for {Everyone} at the {DH} {Table}},
	url = {http://dhpoco.org/blog/2013/05/15/room-for-everyone-at-the-dh-table/},
	urldate = {2019-06-30},
	journal = {Postcolonial Digital Humanities},
	author = {Risam, Roopsika and Koh, Adeline},
	month = may,
	year = {2013}
}

@misc{risam_digital_2013,
	title = {The {Digital} {Humanities} as a ‘{Refuge}’ from {Race}/{Class}/{Gender}/{Sexuality}/{Disability}?},
	url = {http://dhpoco.org/blog/2013/05/10/open-thread-the-digital-humanities-as-a-historical-refuge-from-raceclassgendersexualitydisability/},
	urldate = {2019-06-30},
	journal = {Postcolonial Digital Humanities},
	author = {Risam, Roopsika and Koh, Adeline},
	month = may,
	year = {2013}
}

@book{rubin_foundations_2012,
	address = {London},
	edition = {4},
	title = {Foundations of {Library} and {Information} {Science}},
	publisher = {Facet},
	author = {Rubin, Richard E},
	year = {2012}
}

@book{ruecker_visual_2011,
	address = {Farnham, Surrey},
	title = {Visual {Interface} {Design} for {Digital} {Cultural} {Heritage}: {A} {Guide} to {Rich}-{Prospect} {Browsing}.},
	publisher = {Ashgate},
	author = {Ruecker, Stan and Radzikowska, Milena and Sinclair, Stéphane},
	year = {2011}
}

@misc{sahle_catalog_2008,
	title = {A {Catalog} of {Digital} {Scholarly} {Editions}},
	url = {http://www.digitale-edition.de},
	urldate = {2019-06-30},
	journal = {digitale edition},
	author = {Sahle, Patrick},
	year = {2008}
}

@misc{sahle_criteria_2014,
	title = {Criteria for {Editing} {Scholarly} {Digital} {Editions}, version 1.1},
	url = {http://www.i-d-e.de/publikationen/weitereschriften/criteria-version-1-1/},
	urldate = {2019-06-30},
	journal = {Institut für Dokumentologie und Editorik},
	author = {Sahle, Patrick and Vogeler, Georg},
	year = {2014}
}

@incollection{schreibman_digital_2019,
	title = {Digital {Scholarly} {Editing}},
	url = {https://dlsanthology.mla.hcommons.org/digital-scholarly-editing/},
	urldate = {2019-06-30},
	booktitle = {Literary {Studies} in the {Digital} {Age}: {An} {Evolving} {Anthology}.},
	publisher = {Modern Language Association},
	author = {Schreibman, Susan},
	editor = {Price, Kenneth M. and Siemens, Ray},
	year = {2019}
}

@incollection{sichani_beyond_2017,
	address = {Leiden},
	title = {Beyond {Open} {Access}: ({Re})use, impact and theethos of openness in digital editing},
	booktitle = {Advances in {Digital} {Scholarly} {Editing}: {Papers} {Presented} at the {DiXiT} {Conferences} in {The} {Hague}, {Cologne}, and {Antwerp}},
	publisher = {Sidestone Press},
	author = {Sichani, Anna-Maria},
	editor = {Fischer, Franz and Kelly, Aodhán and Boot, Peter and Cappellotto, Anna},
	year = {2017},
	pages = {439--448}
}

@misc{sichani_refining_2017,
	address = {Montreal, Canada},
	type = {Panel},
	title = {Refining our {Concept} of ‘{Access}’ for {Digital} {Scholarly} {Editions}: {A} {DiXiT} {Panel} on {Accessibility}, {Usability}, {Pedagogy}, {Collaboration}, {Community} and {Diversity}},
	url = {https://hcommons.org/deposits/item/hc:16083/},
	urldate = {2019-06-30},
	author = {Sichani, Anna-Maria and Dillen, Wout and Martinez, Merisa Ariel and Kelly, Aodhán and Bleeker, Elli},
	month = aug,
	year = {2017}
}

@book{stallman_free_2002,
	address = {Boston},
	title = {Free {Software}, {Free} {Society}: {Selected} {Essays} of {Richard} {M}. {Stallman}.},
	url = {http://www.gnu.org/doc/fsfs-ii-2.pdf},
	urldate = {2019-06-30},
	publisher = {Free Software Foundation},
	author = {Stallman, Richard},
	year = {2002}
}


@book{suber_open_2012,
	address = {Cambridge},
	title = {Open {Acces}},
	publisher = {The MIT Press},
	author = {Suber, Peter},
	year = {2012}
}

@article{van_zundert_code_2017,
	title = {Code, scholarship, and criticism: {When} is code scholarship and when is it not?},
	volume = {32},
	url = {30 June 2019},
	doi = {https://doi.org/10.1093/llc/fqx006},
	journal = {Digital Scholarship in the Humanities},
	author = {van Zundert, Joris and Haentjens Dekker, Ronald},
	year = {2017},
	pages = {121--133}
}

@incollection{williams_disability_2012,
	address = {Minneapolis},
	title = {Disability, {Universal} {Design}, and the {Digital} {Humanities}},
	booktitle = {Debates in the {Digital} {Humanities}},
	publisher = {University Of Minnesota Press},
	author = {Williams, George},
	editor = {Gold, Matthew K},
	year = {2012},
	pages = {202--212}
}

@incollection{zeller_befund_1971,
	address = {München},
	title = {Befund und {Deutung}. {Interpretation} und {Dokumentation} als {Ziel} und {Methode} der {Edition}},
	booktitle = {Texte und {Varianten}. {Probleme} ihrer {Edition} und {Interpretation}},
	publisher = {CH Beck},
	author = {Zeller, Hans},
	editor = {Zeller, Hans and Martens, Gunter},
	year = {1971},
	pages = {45--89},
	annote = {= Zeller's original German of English 'Record and Interpretation: Analysis and Documentation as Goal and Method of Editing (in 'Contemporary German Editorial Theory)}
}

@misc{mccarty_what_2018,
	address = {Leicester},
	type = {keynote},
	title = {What happens when we intervene?},
	url = {http://cts.dmu.ac.uk/events/CMLHTS/},
	urldate = {2019-06-30},
	author = {McCarty, Willard},
	month = jul,
	year = {2018}
}

@misc{terras_changing_2013,
	title = {On {Changing} the {Rules} of {Digital} {Humanities} {From} {theInside}},
	url = {http://dhpoco.org/blog/2013/05/27/on-changing-the-rules-of-digital-humanities-from-the-inside/},
	urldate = {2019-06-30},
	journal = {Postcolonial Digital Humanities},
	author = {Terras, Melissa},
	month = may,
	year = {2013}
}