@book{ key,
    author = "Author, Sample",
    title = "Sample Title",
    year = "YYYY",
    address = "City",
    publisher = "Publisher"
  }